<record><leader>00000cas a2200000 a 4500</leader><controlfield tag="001">10979471</controlfield><controlfield tag="008">840724d1868191umiuwr ne      0    0eng c</controlfield><datafield ind1=" " ind2=" " tag="010"><subfield code="a">sn 84025804 </subfield></datafield><datafield ind1=" " ind2=" " tag="040"><subfield code="a">NPV</subfield><subfield code="b">eng</subfield><subfield code="c">NPV</subfield><subfield code="d">NPU</subfield><subfield code="d">NPX</subfield><subfield code="d">NVF</subfield><subfield code="d">MHN</subfield><subfield code="d">OCL</subfield><subfield code="d">OCLCQ</subfield><subfield code="d">OCLCF</subfield><subfield code="d">OCLCO</subfield></datafield><datafield ind1="1" ind2=" " tag="029"><subfield code="a">AU@</subfield><subfield code="b">000004622908</subfield></datafield><datafield ind1=" " ind2=" " tag="042"><subfield code="a">pcc</subfield></datafield><datafield ind1=" " ind2=" " tag="043"><subfield code="a">n-us-mi</subfield></datafield><datafield ind1="0" ind2=" " tag="130"><subfield code="a">Mining journal (Marquette, Mich. : 1868)</subfield></datafield><datafield ind1="1" ind2="4" tag="245"><subfield code="a">The mining journal.</subfield></datafield><datafield ind1="1" ind2="7" tag="246"><subfield code="a">Marquette mining journal</subfield></datafield><datafield ind1=" " ind2=" " tag="260"><subfield code="a">Marquette, Mich. :</subfield><subfield code="b">A.P. Swineford</subfield></datafield><datafield ind1=" " ind2=" " tag="300"><subfield code="a">v. :</subfield><subfield code="b">ill. (chiefly adv.) ;</subfield><subfield code="c">58-75 cm.</subfield></datafield><datafield ind1=" " ind2=" " tag="310"><subfield code="a">Weekly</subfield></datafield><datafield ind1="0" ind2=" " tag="362"><subfield code="a">Vol. 18, no. 9 (Nov. 28, 1868)- ; -33rd yr., new ser., no. 545 (Dec. 28, 1878) ; new ser., v. 11, no. 546 (Jan. 4, 1879)-new ser., v. 12, no. 694 (Oct. 29, 1881) ; new ser., no. 694 (Nov. 5, 1881)-</subfield></datafield><datafield ind1=" " ind2=" " tag="500"><subfield code="a">Publishers: Swineford &amp; Beardsley, &lt;1873&gt;; A.P. Swineford, &lt;1876&gt;; Mining Journal Co., &lt;1896&gt;.</subfield></datafield><datafield ind1=" " ind2=" " tag="500"><subfield code="a">Issue called: Peter White Memorial No., June 13, 1908.</subfield></datafield><datafield ind1=" " ind2=" " tag="515"><subfield code="a">Whole number designation added: Vol. 20, no. 149 (Dec. 27, 1871) = whole no. 1189-v. 20, no. 183 (Jan. 20, 1872) = whole no. 1223.</subfield></datafield><datafield ind1=" " ind2=" " tag="515"><subfield code="a">Issues also called:-&lt;v. 21, no. 250 (May 3, 1873)&gt; ; &lt;28th yr., new ser., no. 285 (Jan. 3, 1874)&gt;-</subfield></datafield><datafield ind1=" " ind2=" " tag="580"><subfield code="a">Special charity ed.: Mining journal (Marquette, Mich. : Hospital ed.).</subfield></datafield><datafield ind1=" " ind2=" " tag="580"><subfield code="a">Daily ed.: Daily mining journal (Marquette, Mich.).</subfield></datafield><datafield ind1=" " ind2="0" tag="651"><subfield code="a">Marquette (Mich.)</subfield><subfield code="v">Newspapers.</subfield></datafield><datafield ind1=" " ind2="0" tag="651"><subfield code="a">Marquette County (Mich.)</subfield><subfield code="v">Newspapers.</subfield></datafield><datafield ind1=" " ind2="7" tag="655"><subfield code="a">Newspapers.</subfield><subfield code="2">fast</subfield><subfield code="0">(OCoLC)fst01423814</subfield></datafield><datafield ind1=" " ind2="7" tag="651"><subfield code="a">Michigan</subfield><subfield code="z">Marquette.</subfield><subfield code="2">fast</subfield><subfield code="0">(OCoLC)fst01214886</subfield></datafield><datafield ind1=" " ind2="7" tag="651"><subfield code="a">Michigan</subfield><subfield code="z">Marquette County.</subfield><subfield code="2">fast</subfield><subfield code="0">(OCoLC)fst01213518</subfield></datafield><datafield ind1=" " ind2=" " tag="752"><subfield code="a">United States</subfield><subfield code="b">Michigan</subfield><subfield code="c">Marquette</subfield><subfield code="d">Marquette.</subfield></datafield><datafield ind1="1" ind2=" " tag="770"><subfield code="t">Mining journal (Marquette, Mich. : Hospital ed.)</subfield><subfield code="w">(DLC)sn 96077240</subfield><subfield code="w">(OCoLC)35863505</subfield></datafield><datafield ind1="1" ind2=" " tag="775"><subfield code="t">Daily mining journal (Marquette, Mich.)</subfield><subfield code="w">(DLC)sn 84024260</subfield><subfield code="w">(OCoLC)10979538</subfield></datafield><datafield ind1="0" ind2="0" tag="780"><subfield code="t">Lake Superior mining journal</subfield><subfield code="w">(DLC)sn 96077235</subfield><subfield code="w">(OCoLC)34796435</subfield></datafield></record>